%Use with biber

%Dispense

@booklet{LuchiniQuadrio,
	title	= {Aerodinamica},
	author	= {Luchini, Paolo and Quadro, Maurizio},
	howpublished	= {Dispense del corso di Aerodinamica, Corso di Laurea in Ingegneria Aerospaziale (Vecchio Ordinamento), Dipartimento di Ingegneria Aerospaziale, Politecnico di Milano},
	address = {Milano},
	year = {2003},
	url = {home.aero.polimi.it/quadrio/it/Didattica/dispensenuove.html}
}

%Libri

@book{CengelCimbala,
    title	= {Meccanica dei fluidi},
    author	= {{\c{C}}engel, Yunus A. and Cimbala, John M.},
	translator	= {Cozzo, G. and Santoro, V.C.},
    isbn	= {9788838663840},
    series	= {Collana di istruzione scientifica - Serie di ingegneria meccanica},
	pagetotal	= {500},
    year	= {2007},
    publisher	= {McGraw-Hill Companies},
	address	= {Milano},
	url		= {books.google.it/books?id=A9CJGQAACAAJ},
}

@book{PnueliGutfinger,
    title	= {Meccanica dei fluidi},
    author	= {Pnueli, David and Gutfinger, Chaim},
	translator	= {Carota, L.},
    isbn	= {8808093883},
    series	= {Collana di fisica - Testi e manuali},
	pagetotal	= {440},
    year	= {1995},
    publisher	= {Zanichelli},
	address	= {Bologna},
	url		= {www.zanichelli.it/ricerca/prodotti/meccanica-dei-fluidi},
	addendum	= {ISBN-13 9788808093882},
}

%Online
@online{IIHR_SITE,
	author = {IIHRâ€”Hydroscience \& Engineering - UIowa},
	title = {Films by Hunter Rouse},
	url = {www.iihr.uiowa.edu/research/publications-and-media/films-by-hunter-rouse/},
}

@online{NCFMF_SITE,
	author = {NCFMF},
	title = {National Committee for Fluid Mechanics Films},
	url = {web.mit.edu/hml/ncfmf.html},
}

@online{NCFMF_Book,
	title	= {Illustrated Experiments in Fluid Mechanics: The NCFMF Book of Film Notes},
	author	= {NCFMF},
	howpublished	= {Commenti ai filmati dell'NCFMF},
	address = {Cambridge},
	year = {1972},
	url = {web.mit.edu/hml/notes.html}
}

%Video

%Iowa University
@misc{IUHR1,
	title = {Films by Hunter Rouse - 1},
	subtitle = {Introduction to the Study of Fluid Motion},
	year = {1961},
	language = {English},
	howpublished = {Film},
	organization = {IIHR},
	location = {University of Iowa},
	url = {youtu.be/EIuU9Q8CGDk},
	addendum = {Link a trascrizione e commento sulla pagina web \cite{IIHR_SITE}},
}

@misc{IUHR2,
	title = {Films by Hunter Rouse - 2},
	subtitle = {Fundamental Principles of Flow},
	year = {1961},
	language = {English},
	howpublished = {Film},
	organization = {IIHR},
	location = {University of Iowa},
	url = {youtu.be/2yojeSNzWiM},
	addendum = {Link a trascrizione e commento sulla pagina web \cite{IIHR_SITE}},
}

@misc{IUHR3,
	title = {Films by Hunter Rouse - 3},
	subtitle = {Fluid Motion in a Gravitational Field},
	year = {1961},
	language = {English},
	howpublished = {Film},
	organization = {IIHR},
	location = {University of Iowa},
	url = {youtu.be/EIuU9Q8CGDk},
	addendum = {Link a trascrizione e commento sulla pagina web \cite{IIHR_SITE}},
}

@misc{IUHR4,
	title = {Films by Hunter Rouse - 4},
	subtitle = {Characteristics of Laminar and Turbulent Flow},
	year = {1961},
	language = {English},
	howpublished = {Film},
	organization = {IIHR},
	location = {University of Iowa},
	url = {youtu.be/eIHVh3cIujU},
	addendum = {Link a trascrizione e commento sulla pagina web \cite{IIHR_SITE}},
}

@misc{IUHR5,
	title = {Films by Hunter Rouse - 5},
	subtitle = {Form, Lift, Drag and Propulsion},
	year = {1961},
	language = {English},
	howpublished = {Film},
	organization = {IIHR},
	location = {University of Iowa},
	url = {youtu.be/4q5ffroIMMc},
	addendum = {Link a trascrizione e commento sulla pagina web \cite{IIHR_SITE}},
}

@misc{IUHR6,
	title = {Films by Hunter Rouse - 6},
	subtitle = {Effects of Fluid Compressibility},
	year = {1961},
	language = {English},
	howpublished = {Film},
	organization = {IIHR},
	location = {University of Iowa},
	url = {youtu.be/SIehBPHL3cA},
	addendum = {Link a trascrizione e commento sulla pagina web \cite{IIHR_SITE}},
}

%Imperial College
@misc{IC1,
	title = {Structural Vibrations Caused by Wind},
	author = {Flint, A.R. and Scruton, C.},
	language = {English},
	howpublished = {Film},
	organization = {Imperial College},
	addendum = {Link a trascrizione e commento sulla pagina web \cite{IIHR_SITE}},
}

%NCFMF
@misc{NCFMF1,
	author = {Shapiro, Ascher},
	title = {NCFMF Films - 01},
	subtitle = {Eulerian and Langranian Descriptions in Fluid Mechanics},
	language = {English},
	howpublished = {Film},
	note = {Commento nel \cite{NCFMF_Book}},
	organization = {MIT},
	url = {youtu.be/58sg8jfoBcE},
}

@misc{NCFMF2,
	author = {Shapiro, Ascher},
	title = {NCFMF Films - 02},
	subtitle = {Deformation of a Continuous Media},
	language = {English},
	howpublished = {Film},
	note = {Commento nel \cite{NCFMF_Book}},
	organization = {MIT},
	url = {youtu.be/MMCE2p6PbEY},
}

@misc{NCFMF3,
	author = {Shapiro, Ascher},
	title = {NCFMF Films - 03},
	subtitle = {Rheological Behavior of Fluids},
	language = {English},
	howpublished = {Film},
	note = {Commento nel \cite{NCFMF_Book}},
	organization = {MIT},
	url = {youtu.be/9cqexgBWb14},
}

@misc{NCFMF4,
	author = {Shapiro, Ascher},
	title = {NCFMF Films - 04},
	subtitle = {Surface Tension in Fluid Mechanics},
	language = {English},
	howpublished = {Film},
	note = {Commento nel \cite{NCFMF_Book}},
	organization = {MIT},
	url = {youtu.be/UwFKnWWrp-Q},
}

@misc{NCFMF5,
	author = {Shapiro, Ascher},
	title = {NCFMF Films - 05},
	subtitle = {Flow Visualization},
	language = {English},
	howpublished = {Film},
	note = {Commento nel \cite{NCFMF_Book}},
	organization = {MIT},
	url = {youtu.be/EZHtDplavfk},
}

@misc{NCFMF6,
	author = {Shapiro, Ascher},
	title = {NCFMF Films - 06},
	subtitle = {Pressure Fields and Fluid Acceleration},
	language = {English},
	howpublished = {Film},
	note = {Commento nel \cite{NCFMF_Book}},
	organization = {MIT},
	url = {youtu.be/K0eRnfEhjLw},
}

@misc{NCFMF7,
	author = {Shapiro, Ascher},
	title = {NCFMF Films - 07},
	subtitle = {Low-Reynolds-Number Flows},
	language = {English},
	howpublished = {Film},
	note = {Commento nel \cite{NCFMF_Book}},
	organization = {MIT},
	url = {youtu.be/-Y-n64pDwEs},
}

@misc{NCFMF8,
	author = {Shapiro, Ascher},
	title = {NCFMF Films - 08},
	subtitle = {Channel Flow of a Compressible Fluid},
	language = {English},
	howpublished = {Film},
	note = {Commento nel \cite{NCFMF_Book}},
	organization = {MIT},
	url = {youtu.be/nlt4PoTSV00},
}

@misc{NCFMF9a,
	author = {Shapiro, Ascher},
	title = {NCFMF Films - 09a},
	subtitle = {Vorticity, Part 1},
	language = {English},
	howpublished = {Film},
	note = {Commento nel \cite{NCFMF_Book}},
	organization = {MIT},
	url = {youtu.be/DCZgrRKKJjY},
}

@misc{NCFMF9b,
	author = {Shapiro, Ascher},
	title = {NCFMF Films - 09b},
	subtitle = {Vorticity, Part 2},
	language = {English},
	howpublished = {Film},
	note = {Commento nel \cite{NCFMF_Book}},
	organization = {MIT},
	url = {youtu.be/CyyeLp_S1so},
}

@misc{NCFMF10,
	author = {Shapiro, Ascher},
	title = {NCFMF Films - 10},
	subtitle = {Fundamentals of Boundary Layers},
	language = {English},
	howpublished = {Film},
	note = {Commento nel \cite{NCFMF_Book}},
	organization = {MIT},
	url = {youtu.be/jxSznLSra3M},
}

@misc{NCFMF11,
	author = {Shapiro, Ascher},
	title = {NCFMF Films - 11},
	subtitle = {Turbulence},
	language = {English},
	howpublished = {Film},
	note = {Commento nel \cite{NCFMF_Book}},
	organization = {MIT},
	url = {youtu.be/P1osidJ_2U8},
}

@misc{NCFMF12,
	author = {Shapiro, Ascher},
	title = {NCFMF Films - 12},
	subtitle = {Boundary-Layer Control},
	language = {English},
	howpublished = {Film},
	note = {Commento nel \cite{NCFMF_Book}},
	organization = {MIT},
	url = {youtu.be/E7CqUXQt9q4},
}

@misc{NCFMF13,
	author = {Shapiro, Ascher},
	title = {NCFMF Films - 13},
	subtitle = {Secondary Flow},
	language = {English},
	howpublished = {Film},
	note = {Commento nel \cite{NCFMF_Book}},
	organization = {MIT},
	url = {youtu.be/crqUH9I7jJY},
}

@misc{NCFMF14,
	author = {Shapiro, Ascher},
	title = {NCFMF Films - 14},
	subtitle = {Waves in Fluids},
	language = {English},
	howpublished = {Film},
	note = {Commento nel \cite{NCFMF_Book}},
	organization = {MIT},
	url = {youtu.be/qrqTzmI7Vm8},
}

@misc{NCFMF15,
	author = {Shapiro, Ascher},
	title = {NCFMF Films - 15},
	subtitle = {Flow Instabilities},
	language = {English},
	howpublished = {Film},
	note = {Commento nel \cite{NCFMF_Book}},
	organization = {MIT},
	url = {youtu.be/5yTifEELR5o},
}

@misc{NCFMF16,
	author = {Shapiro, Ascher},
	title = {NCFMF Films - 16},
	subtitle = {Cavitation},
	language = {English},
	howpublished = {Film},
	note = {Commento nel \cite{NCFMF_Book}},
	organization = {MIT},
	url = {youtu.be/K_w3gcvA87I},
}

@misc{NCFMF17,
	author = {Shapiro, Ascher},
	title = {NCFMF Films - 17},
	subtitle = {Rarefied Gas Dynamics},
	language = {English},
	howpublished = {Film},
	note = {Commento nel \cite{NCFMF_Book}},
	organization = {MIT},
	url = {youtu.be/_BeaQpUC1QQ},
}

@misc{NCFMF18,
	author = {Shapiro, Ascher},
	title = {NCFMF Films - 18},
	subtitle = {Stratified Flow},
	language = {English},
	howpublished = {Film},
	note = {Commento nel \cite{NCFMF_Book}},
	organization = {MIT},
	url = {youtu.be/vj-np5ZMCuw},
}

@misc{NCFMF19,
	author = {Shapiro, Ascher},
	title = {NCFMF Films - 19},
	subtitle = {Rotating Flows},
	language = {English},
	howpublished = {Film},
	note = {Commento nel \cite{NCFMF_Book}},
	organization = {MIT},
	url = {youtu.be/iuup-6diUcg},
}

@misc{NCFMF20,
	author = {Shapiro, Ascher},
	title = {NCFMF Films - 20},
	subtitle = {Aerodynamic Generation of Sound},
	language = {English},
	howpublished = {Film},
	note = {Commento nel \cite{NCFMF_Book}},
	organization = {MIT},
	url = {youtu.be/58sg8jfoBcE},
}

@misc{NCFMF21,
	author = {Shapiro, Ascher},
	title = {NCFMF Films - 21},
	subtitle = {Magnetohydrodynamics},
	language = {English},
	howpublished = {Film},
	note = {Commento nel \cite{NCFMF_Book}},
	organization = {MIT},
	url = {youtu.be/gOhn1QdWP4U},
}

@misc{NCFMF22a,
	author = {Shapiro, Ascher},
	title = {NCFMF Films - 22a},
	subtitle = {Fluid Dynamics of Drag, Part 1},
	language = {English},
	howpublished = {Film},
	note = {Commento non disponibile},
	organization = {MIT},
	url = {youtu.be/u6cTPj9EGgU},
}

@misc{NCFMF22b,
	author = {Shapiro, Ascher},
	title = {NCFMF Films - 22b},
	subtitle = {Fluid Dynamics of Drag, Part 2},
	language = {English},
	howpublished = {Film},
	note = {Commento non disponibile},
	organization = {MIT},
	url = {youtu.be/Js3i8xJ_S3Y},
}

@misc{NCFMF22c,
	author = {Shapiro, Ascher},
	title = {NCFMF Films - 22c},
	subtitle = {Fluid Dynamics of Drag, Part 3},
	language = {English},
	howpublished = {Film},
	note = {Commento non disponibile},
	organization = {MIT},
	url = {youtu.be/cqxT97GDl3w},
}

@misc{NCFMF22d,
	author = {Shapiro, Ascher},
	title = {NCFMF Films - 22d},
	subtitle = {Fluid Dynamics of Drag, Part 4},
	language = {English},
	howpublished = {Film},
	note = {Commento non disponibile},
	organization = {MIT},
	url = {https://youtu.be/N9aniW6an2E},
}

%ONERA
@misc{ONERA1,
	title = {Visualisation d'Ã©coulements hydrauliques Ã  basse vitesse},
	subtitle = {\textit{EN: Visualisation of low speed hydraulic flows}},
	language = {French},
	howpublished = {Film},
	note = {Catalogato ONERA Film T 432 OA},
	organization = {ONERA},
}

%RWU
@misc{RWU1,
	author = {Prandtl, Ludwig},
	title = {Entstehung von Wirbeln bei WasserstrÃ¶mungen - 1},
	subtitle = {Entstehung von Wirbeln und kÃ¼nstliche Beeinflussung der Wirbelbildung},
	year = {1936},
	language = {German},
	howpublished = {Silent film},
	organization = {Reichsanstalt fÃ¼r Film und Bild in Wissenschaft und Unterricht (RWU)},
	location = {Kaiser-Wilhelm-Institut fÃ¼r StrÃ¶mungsforschung},
	doi = {doi.org/10.3203/IWF/C-1},
	url = {av.tib.eu/media/12263},
	addendum = {EN: \textit{Formation of Vortices in Water Currents - 1. Formation of Vortices and its Artificial Influencing}},
}

@misc{RWU2,
	author = {Prandtl, Ludwig},
	title = {Entstehung von Wirbeln bei WasserstrÃ¶mungen - 2},
	subtitle = {Anwendungen auf die StrÃ¶mung durch KrÃ¼mmer, HohlrÃ¤ume und VerzweigungsstÃ¼cke},
	year = {1936},
	language = {German},
	howpublished = {Silent film},
	organization = {Reichsanstalt fÃ¼r Film und Bild in Wissenschaft und Unterricht (RWU)},
	location = {Kaiser-Wilhelm-Institut fÃ¼r StrÃ¶mungsforschung},
	doi = {doi.org/10.3203/IWF/C-2},
	url = {av.tib.eu/media/10981},
	addendum = {EN: \textit{Formation of Vortices in Water Currents - 2. Application on the Flow through Bent Pipes, Hollow Chambers, and Branched Pipes}},
}

%SAFL Historical Films

@misc{SAFL1,
	title = {SAFL Historic Films - 1},
	subtitle = {Dispersion by Turbulent Flow in a Pipe},
	year = {1968},
	language = {English},
	howpublished = {Film},
	organization = {St. Anthony Falls Laboratory},
	location = {University of Minnesota},
	url = {youtu.be/DS2A9Iki5Eo},
}

@misc{SAFL2,
	title = {SAFL Historic Films - 2},
	subtitle = {Aerated Flow in Open Channels (Full version)},
	year = {1952},
	language = {English},
	howpublished = {Film},
	organization = {St. Anthony Falls Laboratory},
	location = {University of Minnesota},
	url = {youtu.be/znexWt5Au6g},
}

@misc{SAFL3,
	title = {SAFL Historic Films - 3},
	subtitle = {Aerated Flow in Open Channels (Abbreviated Version)},
	year = {1952},
	language = {English},
	howpublished = {Film},
	organization = {St. Anthony Falls Laboratory},
	location = {University of Minnesota},
	url = {youtu.be/fAfGnRioOcY},
}

@misc{SAFL4,
	title = {SAFL Historic Films - 4},
	subtitle = {A Picture of the Laboratory},
	year = {1946},
	language = {English},
	howpublished = {Film},
	organization = {St. Anthony Falls Laboratory},
	location = {University of Minnesota},
	url = {youtu.be/1zkyE0m5aLg},
}

@misc{SAFL5,
	title = {SAFL Historic Films - 5},
	subtitle = {Fluid Mechanics - The Boundary Layer},
	year = {1961},
	language = {English},
	howpublished = {Film},
	organization = {St. Anthony Falls Laboratory},
	location = {University of Minnesota},
	url = {youtu.be/5oVG1MVKHgo},
}

@misc{SAFL6,
	title = {SAFL Historic Films - 6},
	subtitle = {Gravity Flow Free-Jet Water Tunnel},
	language = {English},
	howpublished = {Film},
	organization = {St. Anthony Falls Laboratory},
	location = {University of Minnesota},
	url = {youtu.be/5l6abTspBT8},
}

@misc{SAFL7,
	title = {SAFL Historic Films - 7},
	subtitle = {Transport of sediment by flowing water},
	language = {English},
	howpublished = {Film},
	organization = {St. Anthony Falls Laboratory},
	location = {University of Minnesota},
	url = {youtu.be/lSAxgUoAmk4},
}

@misc{SAFL8,
	title = {SAFL Historic Films - 8},
	subtitle = {Warm Water Flow into Lake Impoundments},
	language = {English},
	howpublished = {Film},
	organization = {St. Anthony Falls Laboratory},
	location = {University of Minnesota},
	url = {youtu.be/QQ93sEU2lac},
}

@misc{SAFL9,
	title = {SAFL Historic Films - 9},
	subtitle = {Cataclysmic Floods and Cavitation Erosion},
	language = {English},
	howpublished = {Film},
	organization = {St. Anthony Falls Laboratory},
	location = {University of Minnesota},
	url = {youtu.be/GvUxGWpjvlY},
}

@misc{SHELL1,
	title = {How an Airplane Flies},
	language = {English},
	howpublished = {Film},
	organization = {Shell Film Unit},
}
